<?xml version="1.0" encoding="UTF-8"?><record xmlns="http://www.loc.gov/MARC21/slim" xmlns:cinclude="http://apache.org/cocoon/include/1.0" xmlns:zs="http://www.loc.gov/zing/srw/">
  <leader>00461cz  a2200133n  4500</leader>
  <controlfield tag="001">n  94116762 </controlfield>
  <controlfield tag="003">DLC</controlfield>
  <controlfield tag="005">19941205152023.7</controlfield>
  <controlfield tag="008">941205n| acannaab|          |a ana |||  </controlfield>
  <datafield tag="010" ind1=" " ind2=" ">
    <subfield code="a">n  94116762 </subfield>
  </datafield>
  <datafield tag="040" ind1=" " ind2=" ">
    <subfield code="a">DLC</subfield>
    <subfield code="c">DLC</subfield>
    <subfield code="d">DLC</subfield>
  </datafield>
  <datafield tag="110" ind1="1" ind2="0">
    <subfield code="a">Portugal.</subfield>
    <subfield code="t">Código da estrada (1994)</subfield>
  </datafield>
  <datafield tag="410" ind1="1" ind2="0">
    <subfield code="a">Portugal.</subfield>
    <subfield code="t">Decreto-lei no. 114/94 de 3 maio</subfield>
  </datafield>
  <datafield tag="670" ind1=" " ind2=" ">
    <subfield code="a">Código da estrada, 1994:</subfield>
    <subfield code="b">p. 13 (Decreto-lei no. 114/94 de 3 de maio) p. 19, etc. (Código da estrada; promul. 3/16/94)</subfield>
  </datafield>
</record>